%%%%%%%%%%%%%%%%%%%%%%%%%%%%%%%%%%%%%%%%%%%%%%%%%%%
%%%%%%%%%%%%%%%%%%%% Brain %%%%%%%%%%%%%%%%%%%%%%%%
%%%%%%%%%%%%%%%%%%%%%%%%%%%%%%%%%%%%%%%%%%%%%%%%%%%

@article{bacyinski,
	author = {A. Bacyinsky, M. Xu and J. Hu},
	title = {The Paravascular Pathway for Brain Waste Clearance: Current Understanding, Significance and Controversy},
	journal = {Front. Neuroanat.},
	volume = {11},
	number = {101},
	year = {2017}
}

@article{iliff,
	author = {J. J. Iliff et al.},
	title = {A paravascular pathway facilitates CSF flow through the brain parenchyma in the the clearance of interstitial solutes, including amyloid-beta},
	journal = {Sci. Transl. Med.},
	volume = {4},
	year = {2012}
}

@article{goriely,
	author = {A. Goriely et al.},	
	title = {Mechanics of the brain: perspectives, challenges, and opportunities},
	journal = {Biomech. Model. Mechanobiol.},
	volume = {14},
	number = {5},
	pages = {931-965},
	year = {2015}
}



%%%%%%%%%%%%%%%%%%%%%%%%%%%%%%%%%%%%%%%%%%%%%%%%%%%
%%%%%%%%%%%%%%%%%%%% PDEs %%%%%%%%%%%%%%%%%%%%%%%%%
%%%%%%%%%%%%%%%%%%%%%%%%%%%%%%%%%%%%%%%%%%%%%%%%%%%


@book{evans,
	author = {L. C. Evans},
	title = {Partial differential equations}, 
	address = {Providence, RI},
	year = {1998}
}


@book{bitsadze,
	author = {A. V. Bitsadze},
	title = {Equations of mathematical physics}, 
	publisher = {MIR},
	year = {1980}
}


%%%%%%%%%%%%%%%%%%%%%%%%%%%%%%%%%%%%%%%%%%%%%%%%%%%
%%%%%%%%%%%%%%%%%%%%% FEM %%%%%%%%%%%%%%%%%%%%%%%%%
%%%%%%%%%%%%%%%%%%%%%%%%%%%%%%%%%%%%%%%%%%%%%%%%%%%

@book{bangerth,
	author = {W. Bangerth and R. Rannacher},
	title = {Adaptive finite element methods for differential equations}, 
    publisher = {Birkhauser},
    address = {Berlin},
	year = {2003}
}

@book{riviere,
	author = {B. Rivière},
	title = {Discontinuous Galerkin Methods for Solving Elliptic and Parabolic Equations}, 
	year = {2008}
}

@book{babuska,
	author = {I. Babuska and T. Strouboulis},
	title = {The finite element method and its reliability}, 
	publisher = {Oxford University Press},
	address = {New York}, 
	year = {2001}
}

@book{ern,
	author = {A. Ern and J. Guermond},
	title = {Theory and Practice of Finite Elements},
	year = {2004}
}

@book{gatica,
	author = {G. Gatica},
	title = {A Simple Introduction to the Mixed Finite Element Method. Theory and Applications},
	year = {2014}
}

@book{brenner,
    address = {New York, NY},
    author = {S. C. Brenner and L. R. Scott},
    publisher = {Springer New York},
    title = {The Mathematical Theory of Finite Element Methods},
    volume = {15},
    year = {2008}
}

@book{fenics,
	author = {A. Logg, K. Mardal and G. Wells},
	title = {Automated solution of differential equations by the finite element method: The 	FEniCS book, volume 84}, 
	publisher = {Springer Science and Business Media}, 
	year = {2012}
}

@article{docker,
 author = {Merkel, Dirk},
 title = {Docker: Lightweight Linux Containers for Consistent Development and Deployment},
 journal = {Linux J.},
 volume = {2014},
 number = {239},
 month = mar,
 year = {2014},
 issn = {1075-3583},
 articleno = {2},
 publisher = {Belltown Media},
 address = {Houston, TX}
} 



%%%%%%%%%%%%%%%%%%%%%%%%%%%%%%%%%%%%%%%%%%%%%%%%%%%
%%%%%%%%%%%%%%%%%%%% MPET %%%%%%%%%%%%%%%%%%%%%%%%%
%%%%%%%%%%%%%%%%%%%%%%%%%%%%%%%%%%%%%%%%%%%%%%%%%%%

@article{bai,
	author = {M. Bai, D. Elsworth and J. C. Roegiers},
	title = {Multiporosity/multipermeability approach to the simulation of naturally fractured reservoirs},
	journal = {Water Resources Research},
	volume = {29},
	number = {6},
	pages = {1621-1633},
	year = {1993}
}

@article{lee,
	author = {J. J. Lee, E. Piersanti, K.-A. Mardal and M. E. Rognes},
	title = {A mixed finite element method for nearly incompressible multiple-network poroelasticity},
	journal = {ArXiv e-prints},
archivePrefix = "arXiv",
   eprint = {1804.07568},
     year = {2018}
}

@article{lee2018,
author="Lee, Jeonghun J.",
title="Robust three-field finite element methods for Biot's consolidation model in poroelasticity",
journal="BIT Numerical Mathematics",
year="2018",
month="Jun",
day="01",
volume="58",
number="2",
pages="347--372",
}


@article{boal,
	author = {N. Boal, F. J. Gaspar, F. J. Lisbona and P. N. Vabishchevich},
	title = {Finite difference analysis of a double‐porosity consolidation model},
	journal = {Numerical Methods for Partial Differential Equations},
	volume = {28},
	number = {1},
	pages = {138-154},
	year = {2011}
}

@article{zenisek,
	author = {A. Zenísek},
	title = {The existence and uniqueness theorem in Biot’s consolidation theory},
	journal = {Aplikace Matematiky},
	volume = {29},
	pages = {194–211},
	year = {1984}
}

@article{aifantis1979,
	author = {E. C Aifantis},
	title = {Continuum basis for diffusion in regions with multiple diffusivity},
	journal = {Journal of Applied Physics},
	volume = {50},
	number = {3},
	pages = {1334-1338},
	year = {1979}
}


@article{aifantis1980,
	author = {E. C. Aifantis},
	title = {On the problem of diffusion in solids},
	journal = {Acta Mechanica}, 
	volume =  {37},
	number = {3-4}, 
	pages = {265–296},
	year = {1980}
}


@article{berryman1995,
	author = {J. G. Berryman and H. F. Wang},
	title = {The elastic coefficients of double‐porosity models for fluid transport in jointed rock},
	journal = {Journal of Geophysical Research: Solid Earth},
	volume = {100},
	number = {B12},
	pages = {24611-24627},
	year = {1995}
}

@article{berryman2002,
	author = {J.G. Berryman},
	title = {Extension of Poroelastic Analysis to Double-Porosity Materials: New Technique in Microgeomechanics},
	journal = {Journal of Engineering Mechanics},
	volume = {128},
	number = {8},
	pages = {840-847},
	year = {2002}
}

@article{elsworth,
	author = {D. Elsworth and M. Bai},
	title = {Flow-deformation response of dual-porosity media},
	journal = {J. Geotech. Eng.},
	volume = {118}, 
	pages= {107–124},
	year = {1992}
}

@article{tully,
	author = {B. Tully and Y. Ventikos},
	title = {Cerebral water transport using multiple-network poroelastic theory: application to normal pressure hydrocephalus},
	journal = {Journal of Fluid Mechanics}, 
	volume= {667}, 
	pages= {188–215},
	year = {2011}
}

@article{vardakis,
	author = {J. C. Vardakis et al.},
	title = {Investigating cerebral oedema using poroelasticity},
	journal = {Med. Eng. Phys.}, 
	volume= {38}, 
	pages= {48-57},
	year = {2016}
}

@ARTICLE{Aifantis1982,
  author = {Wilson, R.K. and Aifantis, E.C.},
  title = {{O}n the theory of consolidation with double porosity},
  journal = {Int. J. Engrg. Sci.},
  year = {1982},
  OPTvolume = {},
  number = {20},
  pages = {1009-1035}
}

@ARTICLE{Aifantis1984,
  author = {Khaled, M.Y. and Beskos, D.E. and Aifantis, E.C.},
  title = {{O}n the theory of consolidation with double porosity. 3. A finite-element formulation},
  journal = {Int. J. Num. Anal. Meth. Geomech.},
  year = {1984},
  OPTvolume = {},
  number = {8},
  pages = {101-123}
}

@ARTICLE{Bai1993,
  author = {Bai, M. and Elsworth, D. and Roegiers, J.-C.},
  title = {{M}ultiporisity/{M}ultipermeability {A}pproach to the {S}imulation of {N}aturally {F}ractured {R}eservoirs},
  journal = {Water Resources Research},
  year = {1993},
  OPTvolume = {29},
  number = {6},
  pages = {1621-1633}
}

@ARTICLE{Barenblatt1960,
  author = {Barenblatt, G.I. and Zheltov, Iu. P. and Kochina, I.N.},
  title = {{B}asic concepts in the theory of seepage of homogeneous liquids in fissued rocks (strata)},
  journal = {Transl. of Priklad. Mat. Mekh.},
  year = {1960},
  OPTvolume = {},
  number = {24},
  pages = {852-864}
}

@ARTICLE{Barenblatt1963,
  author = {Barenblatt, G.I.},
  title = {{O}n certain boundary-value problems for the equations of seepage of a liquid in fissured rocks},
  journal = {Transl. of Priklad. Mat. Mekh.},
  year = {1963},
  OPTvolume = {},
  number = {27},
  pages = {784-793}
}


@article{phillips,
	author = {P. J. Phillips and M. F. Wheeler},
	title = {Overcoming the problem of locking in linear elasticity and poroelasticity: an heuristic approach},
	journal = {Comput. Geosci.}, 
	volume= {13}, 
	pages= {5-12},
	year = {2009}
}

@article{hong,
	author = {Q. Hong, J. Kraus, M. Lymbery and F. Philo},
	title = {Conservative discretizations and parameter-robust preconditioners for Biot and multiple-network flux-based poroelastic models},
	journal = {ArXiv e-prints},
   eprint = {1806.00353},
     year = {2018}
}

@article{smith,
	author = {J.H. Smith and J.A. Humphrey},
	title = {Interstitial transport and transvascular fluid exchange during infusion into brain and tumor tissue},
	journal = {Microvasc. Res.},
	volume = {73},
	number = {1}, 
	pages = {58-73},
    year = {2007},
}

@article{stoverud,
	author = {K. H. Støverud, M. Alnæs, H.P. Langtangen, V. Haughton and K.-A. Mardal},
	title = {Poro-elastic modeling of syringomyelia - a systematic study},
	journal = {Comput. Methods Biomech. Biomed. Engin.},
	volume = {19},
	number = {6}, 
	pages = {686-698},
     year = {2016}
}


@article{biot,
	author = {M. A. Biot},
	title = {General theory of three-dimensional consolidation},
	journal = {Journal of Applied Physics}, 
	volume = {12}, 
	number = {2}, 
	pages = {155–165},
	year = {1941}
}
@article{biot2,
	author = {M. A. Biot},
	title = {Theory of elasticity and consolidation for a porous anisotropic solid},
	journal = {Journal of Applied Physics}, 
	volume = {26}, 
	number = {2}, 
	pages = {182-185},
	year = {1955}
}


@article{barenblatt,
	author = {G. I., Barenblatt, I. P. Zheltov and I. N Kochina},
	title = {Basic concepts in the theory of seepage of homogeneous liquids in fissured rocks},
	journal = {Journal of Applied Mechanics}, 
	volume= {24}, 
	number = {5},
	pages = {852-864},
	year = {1960}
}


@article{showalter,
	author = {R.E Showalter},
	title = {Diffusion in poroelastic media},
	journal = {J. Math. Anal. Appl.}, 
	volume= {251},
	number= {1},
	pages = {310-340},
	year = {2000}
}

@article{guo,
	author = {L. Guo et al},
	title = {Subject-specific multi-poroelastic model for exploring the risk factors associated with the early stages of Alzheimer's disease},
	journal = {Interface Focus},
	volume = {8},
	number = {20170019},
	year = {2018}
}

@article{showalter2002,
	author = {R. E. Showalter and B. Momken},
	title = {Single-phase flow in composite poroelastic media},
	journal = {Math. Meth. Appl. Sci.}, 
	volume= {25}, 
	number= {2}, 
	pages= {115–139},
	year = {2002}
}

@book{coussy,
	author = {O. Coussy},
	title = {Poromechanics},
	publisher = {Wiley and Sons},
	address = {West Sussex, England},
	year = {2004}
}


%%%%%%%%%%%%%%%%%%%%%%%%%%%%%%%%%%%%%%%%%%%%%%%%%%%
%%%%%%%%%%%%%%%% A POSTERIORI %%%%%%%%%%%%%%%%%%%%%
%%%%%%%%%%%%%%%%%%%%%%%%%%%%%%%%%%%%%%%%%%%%%%%%%%%

@article{nordbotten,
	author = {J. M. Nordbotten, T. Rahman, S. I. Repin and J. Valdman},
	title = {A posteriori error estimates for approximate solutions of the Barenblatt-Biot poroelastic model},
	journal = {Computational methods in applied mathematics}, 
	volume = {10}, 
	number = {3}, 
	pages = {302–314},
	year = {2010}
}

@article{verfurth92,
	author = {R. Verfürth},
	title = {A posteriori error estimation and adaptive mesh refinement techniques},
	journal = {Journal of Computational and Applied Mathematics}, 
	volume = {50}, 
	pages = {67-83},
	year = {1992}
}

@article{meunier,
	author = {A. Ern and S. Meunier},
	title = {A posteriori error anlysis of Euler-Galerkin approximations to coupled elliptic-parabolic problems},
	journal = {ESAIM: Mathematical Modelling and Numerical Analysis},
	publisher = {EDP Sciences},
	pages = {1},
	year = {2007}
}

@article{riedlbeck,
	author = {R. Riedlbeck et al.},
	title = {Stress and flux reconstruction in Biot’s poro-elasticity problem with application to a posteriori error analysis},
	journal = {Computers and Mathematics with Applications},
	publisher = {Elsevier},
	volume = {73},
	number = {7},
	pages = {1593-1610},
	year = {2017}
}

@article{murad1,
	author = {M. A. Murad and A. F. F. Loula},
	title = {Improved accuracy in finite element analysis of Biot’s consolidation problem},
	journal = {Comput. Meth. Appl. Mech. Engrg.},
	volume = {95},
	pages = {359-382},
	year = {1992}
}


@article{murad2,
	author = {M. A. Murad and A. F. F. Loula},
	title = {On stability and convergence of finite element approximations of Biot’s consolidation problem},
	journal = {Internat. J. Numer. Methods Engrg.},
	volume = {37},
	number = {4},
	pages = {645-667},
	year = {1994}
}

@article{murad3,
	author = {M. A. Murad, V. Thomée and A. F. F. Loula},
	title = {Asymptotic behavior of semidiscrete finite-element approximations of Biot’s
consolidation problem},
	journal = {SIAM J. Numer. Analysis},
	volume = {33},
	number = {3},
	pages = {1065–1083},
	year = {1996}
}

@article{babuska78a,
	author = {I. Babuska and W.C. Rheinboldt},
	title = {A posteriori error estimates for the finite element method},
	journal = {International Journal for Numerical Methods in Engineering},
	volume = {12},
	number = {10},
	year = {1978}
}

@article{babuska78b,
	author = {I. Babuska and W.C. Rheinboldt},
	title = {Error estimates for adaptive finite element computations},
	journal = {SIAM Journal on Numerical Analysis},
	volume = {15}, 
	number = {4},
	pages = {736–754},
	year = {1978}
}

@book{repin,
	author = {P. Neittaanmäki and S. Repin},
	title = {A Posteriori Estimates for Partial Differential Equations, Radon Series on Computational and Applied Mathematics}, 
	publisher = {Walter de Gruyter}, 
	address = {Berlin},
	year = {2008}
}

@book{neittaanmaki,
	author = {P. Neittaanmäki and S. Repin},
	title = {Reliable methods for computer simulation, Error control and a posteriori estimates}, 
	publisher = {Elsevier}, 
	address = {New York},
	year = {2004}
}


@article{ainsworth,
	author = {M. Ainsworth and J.T. Oden},
	title = {A posteriori error estimation in finite element analysis}, 
	journal = {Computational Methods in Applied Mechacnical Engineering},
	volume = {142}, 
	pages = {1-88},
	year = {2000}
}

@book{verfurth96,
	author = {R. Verfürth},
	title = {A review of a posteriori error estimation and adaptive mesh-refinement techniques},
	publisher = {Wiley and Sons}, 
	address = {New York}, 
	year = {1996}
}

@article{mitchell,
	author = {W. F. Mitchell},
 	title = {A Comparison of Adaptive Refinement Techniques for Elliptic Problems},
 	journal = {ACM Trans. Math. Softw.},
 	volume = {15},
 	number = {4},
 	year = {1989}
}	 

@book{verfurth13,
	author = {R. Verfürth},
	title = {A Posteriori Error Estimation Techniques for Finite Element Methods}, 
	publisher = {Oxford Scholarship Online},
	year = {2013}
}

@article{eriksson,
	author = {K. Eriksson and C. Johnson},
	title = {Adaptive Finite Element Methods for Parabolic Problems I: A Linear Model Problem},
	journal = {SIAM Journal on Numerical Analysis},
	volume = {28},
	number = {1},
	pages = {43-77},
	year = {1991}
}

%%%%%%%%%%%%%%%%%%%%%%%%%%%%%%%%%%%%%%%%%%%%%%%%%%%
%%%%%%%%%%%%%%%% VERIFICATION %%%%%%%%%%%%%%%%%%%%%
%%%%%%%%%%%%%%%%%%%%%%%%%%%%%%%%%%%%%%%%%%%%%%%%%%%


@article{roache,
	author = {P. J. Roache},
	title = {Code verification by the method of manufactured solutions},
	journal = {J. Fluids Eng.}, 
	volume = {124}, 
	number = {1}, 
	pages = {4–10},
	year = {2002}
}

@article{oberkampf,
	author = {W. L. Oberkampf et al.},
	title = {Verification, validation, and predictive capability in computational engineering and physics},
	journal = {Applied Mechanics Reviews}, 
	volume= {57}, 
	number = {5}, 
	pages= {345–384},
	year = {2004}
}

@article{ferreira,
	author = {J. A Ferreira and R. D Grigorieff},
	title = {On the supraconvergence of elliptic finite difference methods},
	journal = {Applied Numerical Mathematics}, 
	volume= {28}, 
	pages= {275-292},
	year = {1998}
}

@article{rodrigo,
title = {New stabilized discretizations for poroelasticity and the Stokes’ equations},
journal = {Computer Methods in Applied Mechanics and Engineering},
volume = {341},
pages = {467 - 484},
year = {2018}
}